<?xml version="1.0" encoding="UTF-8"?><collection xmlns="http://www.loc.gov/MARC21/slim"><record><leader>00307nam--2200109-i-4500</leader><controlfield tag="001">000039891</controlfield><controlfield tag="002">20161230</controlfield><controlfield tag="005">20161230201042</controlfield><controlfield tag="008">060222s1000------------r-----000-0-eng-d</controlfield><datafield ind1=" " ind2=" " tag="245"><subfield code="a">Rules for i.u.p.a.c.notation for organic compounds</subfield></datafield><datafield ind1=" " ind2=" " tag="260"><subfield code="a">London, Longmans, Green And Co.Ltd., 1961, Ix + 107p</subfield></datafield><datafield ind1=" " ind2=" " tag="852"><subfield code="a">17629</subfield></datafield></record></collection>